<record><leader>00000cas a2200000 a 4500</leader><controlfield tag="001">12147874</controlfield><controlfield tag="008">850612d18701878iluwr ne      0    0eng c</controlfield><datafield ind1=" " ind2=" " tag="010"><subfield code="a">sn 85033647 </subfield></datafield><datafield ind1=" " ind2=" " tag="040"><subfield code="a">NPU</subfield><subfield code="b">eng</subfield><subfield code="c">NPU</subfield><subfield code="d">NPY</subfield><subfield code="d">NVF</subfield><subfield code="d">OCL</subfield><subfield code="d">NVF</subfield><subfield code="d">UIU</subfield><subfield code="d">OCLCO</subfield><subfield code="d">OCLCQ</subfield><subfield code="d">OCLCF</subfield></datafield><datafield ind1="1" ind2=" " tag="029"><subfield code="a">AU@</subfield><subfield code="b">000020234420</subfield></datafield><datafield ind1=" " ind2=" " tag="042"><subfield code="a">pcc</subfield></datafield><datafield ind1=" " ind2=" " tag="043"><subfield code="a">n-us-il</subfield></datafield><datafield ind1="0" ind2=" " tag="130"><subfield code="a">Bloomington pantagraph (Bloomington, Ill. : Weekly)</subfield></datafield><datafield ind1="1" ind2="0" tag="245"><subfield code="a">Bloomington pantagraph.</subfield></datafield><datafield ind1="1" ind2="3" tag="246"><subfield code="a">Weekly pantagraph</subfield><subfield code="f">1870-Mar. 13, 1874</subfield></datafield><datafield ind1="1" ind2="3" tag="246"><subfield code="a">Pantagraph</subfield><subfield code="f">Mar. 20, 1874-1878</subfield></datafield><datafield ind1=" " ind2=" " tag="260"><subfield code="a">Bloomington, Ill. :</subfield><subfield code="b">Edward R. Roe,</subfield><subfield code="c">1870-1878.</subfield></datafield><datafield ind1=" " ind2=" " tag="300"><subfield code="a">v.</subfield></datafield><datafield ind1=" " ind2=" " tag="310"><subfield code="a">Weekly</subfield></datafield><datafield ind1="0" ind2=" " tag="362"><subfield code="a">Vol. 24, no. 25 (May 18, 1870)-v. 32, no. 52 (Dec. 27, 1878) = whole no. 1230-whole no. 2293.</subfield></datafield><datafield ind1=" " ind2=" " tag="530"><subfield code="a">Preservation microfilmed by the University of Illinois at Urbana-Champaign Library as part of the United States Newspaper Program; the years 1870-1878 (on 2 microfilm reels) are available for purchase from OCLC Preservation Service Centers.</subfield></datafield><datafield ind1=" " ind2=" " tag="580"><subfield code="a">Daily eds.: Bloomington daily pantagraph (Bloomington, Ill. : 1870), 1870-1871, and: Bloomington pantagraph (Bloomington, Ill. : Daily), 1871-1878.</subfield></datafield><datafield ind1=" " ind2=" " tag="583"><subfield code="a">Microfilmed.</subfield><subfield code="c">2009</subfield><subfield code="z">Master negative no. HER WP 004-HER WP 005 for ordering information contact University of Illinois at Urbana, Preservation Department.</subfield><subfield code="5">IU</subfield><subfield code="2">pda</subfield></datafield><datafield ind1=" " ind2="0" tag="651"><subfield code="a">Bloomington (Ill.)</subfield><subfield code="v">Newspapers.</subfield></datafield><datafield ind1=" " ind2="7" tag="655"><subfield code="a">Newspapers.</subfield><subfield code="2">fast</subfield><subfield code="0">(OCoLC)fst01423814</subfield></datafield><datafield ind1=" " ind2="7" tag="651"><subfield code="a">Illinois</subfield><subfield code="z">Bloomington.</subfield><subfield code="2">fast</subfield><subfield code="0">(OCoLC)fst01205022</subfield></datafield><datafield ind1=" " ind2=" " tag="752"><subfield code="a">United States</subfield><subfield code="b">Illinois</subfield><subfield code="c">McLean</subfield><subfield code="d">Bloomington.</subfield></datafield><datafield ind1="1" ind2=" " tag="775"><subfield code="t">Bloomington daily pantagraph (Bloomington, Ill. : 1870)</subfield><subfield code="w">(DLC)sn 90054447</subfield><subfield code="w">(OCoLC)21125081</subfield></datafield><datafield ind1="1" ind2=" " tag="775"><subfield code="t">Bloomington pantagraph (Bloomington, Ill. : Daily)</subfield><subfield code="w">(DLC)sn 85033726</subfield><subfield code="w">(OCoLC)12220562</subfield></datafield><datafield ind1="0" ind2="0" tag="780"><subfield code="t">Weekly pantagraph (Bloomington, Ill. : 1853)</subfield><subfield code="w">(DLC)sn 84038359</subfield><subfield code="w">(OCoLC)11281840</subfield></datafield><datafield ind1="0" ind2="0" tag="785"><subfield code="t">Bloomington weekly pantagraph</subfield><subfield code="w">(DLC)sn 85038350</subfield><subfield code="w">(OCoLC)12309544</subfield></datafield></record>